%% LaTeX2e file `pustaka.bib'
%% from source `kolokium_ekstensi' 
%%
@book{MANNING2008,
	author = {Christopher D. Manning and Prabhakar Raghavan and Hinrich Sch端tze},
	title = {An Introduction to Information	Retrieval},
	date = {2008},
	publisher = {Cambridge University Press	Cambridge, England},
}


@thesis{NARAYANAN2013,
	author = {V Narayanan and I Arora and A Bhatia },
	title = {Fast and accurate sentiment classification using an enhanced Naive Bayes model},
	institution = {Department of Electronics Engineering, Indian Institute of Technology (BHU), Varanasi, India},
	date = {2013},	
}
@thesis{ADITYAWAN2014,
	author = {E Adityawan},
	title = {Analisis Sentimen Dengan Klasifikasi Na誰ve Bayes Pada Pesan Twitter Menggunakan Data Seimbang},
	type = {Skripsi},
	institution = {Departemen Ilmu Komputer, Institut Pertanian Bogor},
	date = {2014},
}
@thesis{AZIZ2013,
	author = {ATA Aziz},
	title = {Sistem pengklasifikasian entitas pada pesan twitter menggunakan ekspresi reguler dan na誰ve Bayes},
	type = {Skripsi},
	institution = {Departemen Ilmu Komputer, Institut Pertanian Bogor},
	date = {2013},
}
@thesis{DIMASTYO2014,
	author = {JG Dimastyo},
	title = {Pengukuran Kinerja Spam Filter dengan Seleksi Fitur yang berbeda menggunakan Fungsi Klasifikasi Multinomial Na誰ve Bayes},
	type = {Skripsi},
	institution = {Departemen Ilmu Komputer, Institut Pertanian Bogor},
	date = {2014},
}
@thesis{LIU2010,
	author = {Bing Liu},
	title = {Sentiment Analysis and Subjectivity, in Handbook of Natural Language Processing},
	institution = {Chicago (US): University of Illinois},
	date = {2010},
}
@article{ZHANG2011,
	author = {Zhang and Ghosh R. and Dekhil M. and Hsu M. and and Liu B.},
	title = {Combining Lexicon-based and Learning-based Methods for Twitter Sentiment Analysis},
	date = {2011},
	OPTvolume = {89},
	OPTnumber = {HPL-2011-89},
}

@article{ALKHATIB2013,
	author = {K Alkhatib and Najadat H  and  Hmeidi I and Shatnawi MKA  },
	title = {Stock Price Prediction Using k-Nearest Neighbor (kNN) Algorithm},
	date = {2013},
	OPTeditor = {International Journal of Business, Humanities and Technology},
	OPTvolume = {3},
	OPTnumber = {32-34},
	
}

@InProceedings{PAK10.385,
	author = {Alexander Pak and Patrick Paroubek},
	title = {Twitter as a Corpus for Sentiment Analysis and Opinion Mining},
	booktitle = {Proceedings of the Seventh International Conference on Language Resources and Evaluation (LREC'10)},
	year = {2010},
	month = {may},
	date = {19-21},
	address = {Valletta, Malta},
	editor = {Nicoletta Calzolari (Conference Chair) and Khalid Choukri and Bente Maegaard and Joseph Mariani and Jan Odijk and Stelios Piperidis and Mike Rosner and Daniel Tapias},
	publisher = {European Language Resources Association (ELRA)},
	isbn = {2-9517408-6-7},
	language = {english}
}



